
@misc{1,
    title     = {{Web Scraping}},
    howpublished = {\url{https://en.wikipedia.org/wiki/Web_scraping}}
    }
    
@misc{2,
    title     = {{JavaFx}},
    howpublished = {\url{https://docs.oracle.com/javafx/2/overview/jfxpub-overview.htm}}
    }

@misc{3,
    title     = {{SceneBuilder}},
    howpublished = {\url{http://www.oracle.com/technetwork/java/javase/downloads/sb2download-2177776.html}}
    }

@misc{4,
    title     = {{Jsoup}},
    howpublished = {\url{https://jsoup.org/}}
    }
    
@misc{5,
    title   ={{Class Selector}}
    howpublished = {\url{https://jsoup.org/apidocs/org/jsoup/select/Selector.html}}
}

@book{book,
  author    = {Weaver, J., Gao, W., Chin, S., Iverson, D., Vos, J}, 
  title     = {Pro JavaFx 8},
  publisher = {appress},
  year      = 2014,
  
}

@book{book1,
  author    = {Fonseca M., Campos P., Gonçalves D}, 
  title     = {Introdução ao Design de Interfaces},
  publisher = {FCA},
  year      = 2012,
  
}